{"type":"일반","code":"096640","data":{"별도":{"PL":[{"year":2022,"quarter":1,"label":"2022.1Q","매출액":5560243003.0,"영업이익":192123568.0,"매출총이익":1833673161.0,"판매비와관리비":1641549593.0,"당기순이익":-256331278.0,"계속사업 당기순이익":null,"중단사업 당기순이익":null,"이자비용 등":524207560.0,"법인세":0.0},{"year":2022,"quarter":2,"label":"2022.2Q","매출액":2484140469.0,"영업이익":-6166205796.0,"매출총이익":-5330142188.0,"판매비와관리비":836063608.0,"당기순이익":-7899200774.0,"계속사업 당기순이익":null,"중단사업 당기순이익":null,"이자비용 등":665398081.0,"법인세":0.0},{"year":2022,"quarter":3,"label":"2022.3Q","매출액":1441785547.0,"영업이익":-436812626.0,"매출총이익":408859266.0,"판매비와관리비":845671892.0,"당기순이익":-1027232584.0,"계속사업 당기순이익":null,"중단사업 당기순이익":null,"이자비용 등":671095407.0,"법인세":0.0},{"year":2022,"quarter":4,"label":"2022.4Q","매출액":1038410444.0,"영업이익":-2812564721.0,"매출총이익":-1014506807.0,"판매비와관리비":1798057914.0,"당기순이익":-5599114059.0,"계속사업 당기순이익":null,"중단사업 당기순이익":null,"이자비용 등":670842474.0,"법인세":0.0},{"year":2023,"quarter":1,"label":"2023.1Q","매출액":2051901592.0,"영업이익":-312822359.0,"매출총이익":535037394.0,"판매비와관리비":847859753.0,"당기순이익":-1778980945.0,"계속사업 당기순이익":null,"중단사업 당기순이익":null,"이자비용 등":650768848.0,"법인세":0.0},{"year":2023,"quarter":2,"label":"2023.2Q","매출액":920624540.0,"영업이익":-2849662361.0,"매출총이익":-1646180683.0,"판매비와관리비":1203481678.0,"당기순이익":-3257397953.0,"계속사업 당기순이익":null,"중단사업 당기순이익":null,"이자비용 등":517190759.0,"법인세":0.0},{"year":2023,"quarter":4,"label":"2023.4Q","매출액":3096155367.0,"영업이익":-1369697941.0,"매출총이익":1104929434.0,"판매비와관리비":2474627375.0,"당기순이익":-7296685432.0,"계속사업 당기순이익":null,"중단사업 당기순이익":null,"이자비용 등":796779724.0,"법인세":null},{"year":2024,"quarter":1,"label":"2024.1Q","매출액":394593132.0,"영업이익":-1205468535.0,"매출총이익":-48987863.0,"판매비와관리비":1156480672.0,"당기순이익":-1545425918.0,"계속사업 당기순이익":null,"중단사업 당기순이익":null,"이자비용 등":382091499.0,"법인세":null},{"year":2024,"quarter":2,"label":"2024.2Q","매출액":487445804.0,"영업이익":-1121528015.0,"매출총이익":-10737548.0,"판매비와관리비":1110790467.0,"당기순이익":-1746654683.0,"계속사업 당기순이익":null,"중단사업 당기순이익":null,"이자비용 등":513336421.0,"법인세":null},{"year":2024,"quarter":3,"label":"2024.3Q","매출액":774467706.0,"영업이익":-1962243736.0,"매출총이익":25203718.0,"판매비와관리비":1987447454.0,"당기순이익":-2323462324.0,"계속사업 당기순이익":null,"중단사업 당기순이익":null,"이자비용 등":457875220.0,"법인세":null},{"year":2024,"quarter":4,"label":"2024.4Q","매출액":394540658.0,"영업이익":22523066.0,"매출총이익":20194598.0,"판매비와관리비":-2328468.0,"당기순이익":-1756466280.0,"계속사업 당기순이익":null,"중단사업 당기순이익":null,"이자비용 등":503618030.0,"법인세":null},{"year":2025,"quarter":1,"label":"2025.1Q","매출액":426929489.0,"영업이익":-990820096.0,"매출총이익":55974154.0,"판매비와관리비":1046794250.0,"당기순이익":-1429513163.0,"계속사업 당기순이익":null,"중단사업 당기순이익":null,"이자비용 등":461386561.0,"법인세":null},{"year":2025,"quarter":2,"label":"2025.2Q","매출액":320664537.0,"영업이익":-894287693.0,"매출총이익":-22624817.0,"판매비와관리비":871662876.0,"당기순이익":32271713362.0,"계속사업 당기순이익":null,"중단사업 당기순이익":null,"이자비용 등":467989806.0,"법인세":null},{"year":2025,"quarter":3,"label":"2025.3Q","매출액":531182131.0,"영업이익":-2364467763.0,"매출총이익":26586604.0,"판매비와관리비":2391054367.0,"당기순이익":-2519875070.0,"계속사업 당기순이익":null,"중단사업 당기순이익":null,"이자비용 등":351948343.0,"법인세":null}],"BS":[{"year":2022,"quarter":1,"label":"2022.1Q","자산총계":61724728516.0,"부채총계":24365127866.0,"자본총계":37359600650.0},{"year":2022,"quarter":2,"label":"2022.2Q","자산총계":53148091268.0,"부채총계":23524335727.0,"자본총계":29623755541.0},{"year":2022,"quarter":3,"label":"2022.3Q","자산총계":53222032180.0,"부채총계":24204314432.0,"자본총계":29017717748.0},{"year":2022,"quarter":4,"label":"2022.4Q","자산총계":51974971590.0,"부채총계":23696466289.0,"자본총계":28278505301.0},{"year":2023,"quarter":1,"label":"2023.1Q","자산총계":62796887239.0,"부채총계":30635976042.0,"자본총계":32160911197.0},{"year":2023,"quarter":2,"label":"2023.2Q","자산총계":56835936998.0,"부채총계":28262297971.0,"자본총계":28573639027.0},{"year":2023,"quarter":4,"label":"2023.4Q","자산총계":39898381536.0,"부채총계":18541580276.0,"자본총계":21356801260.0},{"year":2024,"quarter":1,"label":"2024.1Q","자산총계":42781430989.0,"부채총계":13069916739.0,"자본총계":29711514250.0},{"year":2024,"quarter":2,"label":"2024.2Q","자산총계":41601132861.0,"부채총계":13511808731.0,"자본총계":28089324130.0},{"year":2024,"quarter":3,"label":"2024.3Q","자산총계":41684834843.0,"부채총계":15096025717.0,"자본총계":26588809126.0},{"year":2024,"quarter":4,"label":"2024.4Q","자산총계":40330378056.0,"부채총계":15477893375.0,"자본총계":24852484681.0},{"year":2025,"quarter":1,"label":"2025.1Q","자산총계":39553309729.0,"부채총계":16130338211.0,"자본총계":23422971518.0},{"year":2025,"quarter":2,"label":"2025.2Q","자산총계":69520699945.0,"부채총계":18326015065.0,"자본총계":51194684880.0},{"year":2025,"quarter":3,"label":"2025.3Q","자산총계":51508614947.0,"부채총계":2858576938.0,"자본총계":48650038009.0}],"CF":[{"year":2021,"quarter":1,"label":"2021.1Q","영업활동CF":-3277556136.0,"투자활동CF":-5810844.0,"재무활동CF":-454488770.0,"기초현금":null,"기말현금":null},{"year":2021,"quarter":2,"label":"2021.2Q","영업활동CF":-3581053383.0,"투자활동CF":-19920330.0,"재무활동CF":6895286736.0,"기초현금":null,"기말현금":null},{"year":2021,"quarter":3,"label":"2021.3Q","영업활동CF":-3941222192.0,"투자활동CF":-20688757.0,"재무활동CF":4874279060.0,"기초현금":null,"기말현금":null},{"year":2021,"quarter":4,"label":"2021.4Q","영업활동CF":-8801232667.0,"투자활동CF":6390199177.0,"재무활동CF":366887483.0,"기초현금":null,"기말현금":null},{"year":2022,"quarter":1,"label":"2022.1Q","영업활동CF":-1201893773.0,"투자활동CF":-1066152802.0,"재무활동CF":794053800.0,"기초현금":null,"기말현금":null},{"year":2022,"quarter":2,"label":"2022.2Q","영업활동CF":939646574.0,"투자활동CF":1060000000.0,"재무활동CF":-10466400.0,"기초현금":null,"기말현금":null},{"year":2022,"quarter":3,"label":"2022.3Q","영업활동CF":936966338.0,"투자활동CF":0.0,"재무활동CF":-7849800.0,"기초현금":null,"기말현금":null},{"year":2022,"quarter":4,"label":"2022.4Q","영업활동CF":-4301161104.0,"투자활동CF":-148225988.0,"재무활동CF":5850540718.0,"기초현금":null,"기말현금":null},{"year":2023,"quarter":1,"label":"2023.1Q","영업활동CF":8867347350.0,"투자활동CF":-11660000000.0,"재무활동CF":5971785780.0,"기초현금":null,"기말현금":null},{"year":2023,"quarter":2,"label":"2023.2Q","영업활동CF":-10901396328.0,"투자활동CF":11303230919.0,"재무활동CF":-4601261037.0,"기초현금":null,"기말현금":null},{"year":2023,"quarter":4,"label":"2023.4Q","영업활동CF":-2388060800.0,"투자활동CF":1440393627.0,"재무활동CF":-378757737.0,"기초현금":null,"기말현금":null},{"year":2024,"quarter":1,"label":"2024.1Q","영업활동CF":-1278575625.0,"투자활동CF":-3853450065.0,"재무활동CF":4469997447.0,"기초현금":null,"기말현금":null},{"year":2024,"quarter":2,"label":"2024.2Q","영업활동CF":-158288519.0,"투자활동CF":3542072772.0,"재무활동CF":-4554901543.0,"기초현금":null,"기말현금":null},{"year":2024,"quarter":3,"label":"2024.3Q","영업활동CF":-1162915869.0,"투자활동CF":-9587773.0,"재무활동CF":1567474332.0,"기초현금":null,"기말현금":null},{"year":2024,"quarter":4,"label":"2024.4Q","영업활동CF":-820398350.0,"투자활동CF":6067527.0,"재무활동CF":-47419443.0,"기초현금":null,"기말현금":null},{"year":2025,"quarter":1,"label":"2025.1Q","영업활동CF":533473679.0,"투자활동CF":4440039.0,"재무활동CF":-37484630.0,"기초현금":null,"기말현금":null},{"year":2025,"quarter":2,"label":"2025.2Q","영업활동CF":-724982070.0,"투자활동CF":-67117273.0,"재무활동CF":264736119.0,"기초현금":null,"기말현금":null},{"year":2025,"quarter":3,"label":"2025.3Q","영업활동CF":-5285199455.0,"투자활동CF":52320425630.0,"재무활동CF":-13073614732.0,"기초현금":null,"기말현금":null}],"Profitability":[{"year":2022,"quarter":1,"label":"2022.1Q","매출액":5560243003.0,"영업이익":192123568.0,"매출총이익":1833673161.0,"판매비와관리비":1641549593.0,"당기순이익":-256331278.0,"계속사업 당기순이익":null,"중단사업 당기순이익":null,"이자비용 등":524207560.0,"법인세":0.0},{"year":2022,"quarter":2,"label":"2022.2Q","매출액":2484140469.0,"영업이익":-6166205796.0,"매출총이익":-5330142188.0,"판매비와관리비":836063608.0,"당기순이익":-7899200774.0,"계속사업 당기순이익":null,"중단사업 당기순이익":null,"이자비용 등":665398081.0,"법인세":0.0},{"year":2022,"quarter":3,"label":"2022.3Q","매출액":1441785547.0,"영업이익":-436812626.0,"매출총이익":408859266.0,"판매비와관리비":845671892.0,"당기순이익":-1027232584.0,"계속사업 당기순이익":null,"중단사업 당기순이익":null,"이자비용 등":671095407.0,"법인세":0.0},{"year":2022,"quarter":4,"label":"2022.4Q","매출액":1038410444.0,"영업이익":-2812564721.0,"매출총이익":-1014506807.0,"판매비와관리비":1798057914.0,"당기순이익":-5599114059.0,"계속사업 당기순이익":null,"중단사업 당기순이익":null,"이자비용 등":670842474.0,"법인세":0.0},{"year":2023,"quarter":1,"label":"2023.1Q","매출액":2051901592.0,"영업이익":-312822359.0,"매출총이익":535037394.0,"판매비와관리비":847859753.0,"당기순이익":-1778980945.0,"계속사업 당기순이익":null,"중단사업 당기순이익":null,"이자비용 등":650768848.0,"법인세":0.0},{"year":2023,"quarter":2,"label":"2023.2Q","매출액":920624540.0,"영업이익":-2849662361.0,"매출총이익":-1646180683.0,"판매비와관리비":1203481678.0,"당기순이익":-3257397953.0,"계속사업 당기순이익":null,"중단사업 당기순이익":null,"이자비용 등":517190759.0,"법인세":0.0},{"year":2023,"quarter":4,"label":"2023.4Q","매출액":3096155367.0,"영업이익":-1369697941.0,"매출총이익":1104929434.0,"판매비와관리비":2474627375.0,"당기순이익":-7296685432.0,"계속사업 당기순이익":null,"중단사업 당기순이익":null,"이자비용 등":796779724.0,"법인세":null},{"year":2024,"quarter":1,"label":"2024.1Q","매출액":394593132.0,"영업이익":-1205468535.0,"매출총이익":-48987863.0,"판매비와관리비":1156480672.0,"당기순이익":-1545425918.0,"계속사업 당기순이익":null,"중단사업 당기순이익":null,"이자비용 등":382091499.0,"법인세":null},{"year":2024,"quarter":2,"label":"2024.2Q","매출액":487445804.0,"영업이익":-1121528015.0,"매출총이익":-10737548.0,"판매비와관리비":1110790467.0,"당기순이익":-1746654683.0,"계속사업 당기순이익":null,"중단사업 당기순이익":null,"이자비용 등":513336421.0,"법인세":null},{"year":2024,"quarter":3,"label":"2024.3Q","매출액":774467706.0,"영업이익":-1962243736.0,"매출총이익":25203718.0,"판매비와관리비":1987447454.0,"당기순이익":-2323462324.0,"계속사업 당기순이익":null,"중단사업 당기순이익":null,"이자비용 등":457875220.0,"법인세":null},{"year":2024,"quarter":4,"label":"2024.4Q","매출액":394540658.0,"영업이익":22523066.0,"매출총이익":20194598.0,"판매비와관리비":-2328468.0,"당기순이익":-1756466280.0,"계속사업 당기순이익":null,"중단사업 당기순이익":null,"이자비용 등":503618030.0,"법인세":null},{"year":2025,"quarter":1,"label":"2025.1Q","매출액":426929489.0,"영업이익":-990820096.0,"매출총이익":55974154.0,"판매비와관리비":1046794250.0,"당기순이익":-1429513163.0,"계속사업 당기순이익":null,"중단사업 당기순이익":null,"이자비용 등":461386561.0,"법인세":null},{"year":2025,"quarter":2,"label":"2025.2Q","매출액":320664537.0,"영업이익":-894287693.0,"매출총이익":-22624817.0,"판매비와관리비":871662876.0,"당기순이익":32271713362.0,"계속사업 당기순이익":null,"중단사업 당기순이익":null,"이자비용 등":467989806.0,"법인세":null},{"year":2025,"quarter":3,"label":"2025.3Q","매출액":531182131.0,"영업이익":-2364467763.0,"매출총이익":26586604.0,"판매비와관리비":2391054367.0,"당기순이익":-2519875070.0,"계속사업 당기순이익":null,"중단사업 당기순이익":null,"이자비용 등":351948343.0,"법인세":null}],"Stability":[{"year":2022,"quarter":1,"label":"2022.1Q","자산총계":61724728516.0,"부채총계":24365127866.0,"자본총계":37359600650.0},{"year":2022,"quarter":2,"label":"2022.2Q","자산총계":53148091268.0,"부채총계":23524335727.0,"자본총계":29623755541.0},{"year":2022,"quarter":3,"label":"2022.3Q","자산총계":53222032180.0,"부채총계":24204314432.0,"자본총계":29017717748.0},{"year":2022,"quarter":4,"label":"2022.4Q","자산총계":51974971590.0,"부채총계":23696466289.0,"자본총계":28278505301.0},{"year":2023,"quarter":1,"label":"2023.1Q","자산총계":62796887239.0,"부채총계":30635976042.0,"자본총계":32160911197.0},{"year":2023,"quarter":2,"label":"2023.2Q","자산총계":56835936998.0,"부채총계":28262297971.0,"자본총계":28573639027.0},{"year":2023,"quarter":4,"label":"2023.4Q","자산총계":39898381536.0,"부채총계":18541580276.0,"자본총계":21356801260.0},{"year":2024,"quarter":1,"label":"2024.1Q","자산총계":42781430989.0,"부채총계":13069916739.0,"자본총계":29711514250.0},{"year":2024,"quarter":2,"label":"2024.2Q","자산총계":41601132861.0,"부채총계":13511808731.0,"자본총계":28089324130.0},{"year":2024,"quarter":3,"label":"2024.3Q","자산총계":41684834843.0,"부채총계":15096025717.0,"자본총계":26588809126.0},{"year":2024,"quarter":4,"label":"2024.4Q","자산총계":40330378056.0,"부채총계":15477893375.0,"자본총계":24852484681.0},{"year":2025,"quarter":1,"label":"2025.1Q","자산총계":39553309729.0,"부채총계":16130338211.0,"자본총계":23422971518.0},{"year":2025,"quarter":2,"label":"2025.2Q","자산총계":69520699945.0,"부채총계":18326015065.0,"자본총계":51194684880.0},{"year":2025,"quarter":3,"label":"2025.3Q","자산총계":51508614947.0,"부채총계":2858576938.0,"자본총계":48650038009.0}]},"연결":{"PL":[{"year":2022,"quarter":1,"label":"2022.1Q","매출액":5560243003.0,"영업이익":189895138.0,"매출총이익":1833673161.0,"판매비와관리비":1643778023.0,"당기순이익":-256331278.0,"계속사업 당기순이익":null,"중단사업 당기순이익":null,"이자비용 등":524442415.0,"법인세":0.0},{"year":2022,"quarter":2,"label":"2022.2Q","매출액":2484140469.0,"영업이익":-6168466800.0,"매출총이익":-5330142188.0,"판매비와관리비":838324612.0,"당기순이익":-7898432964.0,"계속사업 당기순이익":null,"중단사업 당기순이익":null,"이자비용 등":665657448.0,"법인세":0.0},{"year":2022,"quarter":3,"label":"2022.3Q","매출액":1441785547.0,"영업이익":-439096959.0,"매출총이익":408859266.0,"판매비와관리비":847956225.0,"당기순이익":-1028000394.0,"계속사업 당기순이익":null,"중단사업 당기순이익":null,"이자비용 등":671370750.0,"법인세":0.0},{"year":2022,"quarter":4,"label":"2022.4Q","매출액":1038410444.0,"영업이익":-2818995158.0,"매출총이익":-1014506807.0,"판매비와관리비":1804488351.0,"당기순이익":-5599114059.0,"계속사업 당기순이익":null,"중단사업 당기순이익":null,"이자비용 등":671107927.0,"법인세":0.0},{"year":2023,"quarter":1,"label":"2023.1Q","매출액":3506819426.0,"영업이익":14970217.0,"매출총이익":1032135349.0,"판매비와관리비":1017165132.0,"당기순이익":-1778960263.0,"계속사업 당기순이익":null,"중단사업 당기순이익":null,"이자비용 등":737588275.0,"법인세":55560519.0},{"year":2023,"quarter":2,"label":"2023.2Q","매출액":2968602146.0,"영업이익":-2949673064.0,"매출총이익":-1218102942.0,"판매비와관리비":1731570122.0,"당기순이익":-3257418635.0,"계속사업 당기순이익":null,"중단사업 당기순이익":null,"이자비용 등":652284365.0,"법인세":-40525613.0},{"year":2023,"quarter":4,"label":"2023.4Q","매출액":-406740073.0,"영업이익":-1597924516.0,"매출총이익":179753738.0,"판매비와관리비":1777678254.0,"당기순이익":-7296685432.0,"계속사업 당기순이익":null,"중단사업 당기순이익":null,"이자비용 등":575127833.0,"법인세":null}],"BS":[{"year":2022,"quarter":1,"label":"2022.1Q","자산총계":61725215476.0,"부채총계":24365614826.0,"자본총계":37359600650.0},{"year":2022,"quarter":2,"label":"2022.2Q","자산총계":53149635742.0,"부채총계":23525112391.0,"자본총계":29624523351.0},{"year":2022,"quarter":3,"label":"2022.3Q","자산총계":53226482378.0,"부채총계":24208764629.0,"자본총계":29017717749.0},{"year":2022,"quarter":4,"label":"2022.4Q","자산총계":51984865875.0,"부채총계":23706360573.0,"자본총계":28278505302.0},{"year":2023,"quarter":1,"label":"2023.1Q","자산총계":66438553384.0,"부채총계":34277621505.0,"자본총계":32160931879.0},{"year":2023,"quarter":2,"label":"2023.2Q","자산총계":65053486691.0,"부채총계":36479387239.0,"자본총계":28574099452.0},{"year":2023,"quarter":4,"label":"2023.4Q","자산총계":39898381536.0,"부채총계":18541580276.0,"자본총계":21356801260.0}],"CF":[{"year":2021,"quarter":1,"label":"2021.1Q","영업활동CF":-3279890765.0,"투자활동CF":-5810336.0,"재무활동CF":-454488770.0,"기초현금":null,"기말현금":null},{"year":2021,"quarter":2,"label":"2021.2Q","영업활동CF":-3585013925.0,"투자활동CF":-19919908.0,"재무활동CF":6895286736.0,"기초현금":null,"기말현금":null},{"year":2021,"quarter":3,"label":"2021.3Q","영업활동CF":-3948919971.0,"투자활동CF":-8721129.0,"재무활동CF":4873612930.0,"기초현금":null,"기말현금":null},{"year":2021,"quarter":4,"label":"2021.4Q","영업활동CF":-8802463073.0,"투자활동CF":6377872231.0,"재무활동CF":379015643.0,"기초현금":null,"기말현금":null},{"year":2022,"quarter":1,"label":"2022.1Q","영업활동CF":-1205234185.0,"투자활동CF":-1066152802.0,"재무활동CF":794053800.0,"기초현금":null,"기말현금":null},{"year":2022,"quarter":2,"label":"2022.2Q","영업활동CF":938235448.0,"투자활동CF":1060000000.0,"재무활동CF":-10466400.0,"기초현금":null,"기말현금":null},{"year":2022,"quarter":3,"label":"2022.3Q","영업활동CF":937053868.0,"투자활동CF":0.0,"재무활동CF":-7849800.0,"기초현금":null,"기말현금":null},{"year":2022,"quarter":4,"label":"2022.4Q","영업활동CF":-4301976766.0,"투자활동CF":-147533583.0,"재무활동CF":5850540718.0,"기초현금":null,"기말현금":null},{"year":2023,"quarter":1,"label":"2023.1Q","영업활동CF":-439253461.0,"투자활동CF":-185879950.0,"재무활동CF":3715001595.0,"기초현금":null,"기말현금":null},{"year":2023,"quarter":2,"label":"2023.2Q","영업활동CF":-1228096888.0,"투자활동CF":1072740843.0,"재무활동CF":-2628750899.0,"기초현금":null,"기말현금":null},{"year":2023,"quarter":4,"label":"2023.4Q","영업활동CF":-2134859450.0,"투자활동CF":-121779972.0,"재무활동CF":-396860425.0,"기초현금":null,"기말현금":null}],"Profitability":[{"year":2022,"quarter":1,"label":"2022.1Q","매출액":5560243003.0,"영업이익":189895138.0,"매출총이익":1833673161.0,"판매비와관리비":1643778023.0,"당기순이익":-256331278.0,"계속사업 당기순이익":null,"중단사업 당기순이익":null,"이자비용 등":524442415.0,"법인세":0.0},{"year":2022,"quarter":2,"label":"2022.2Q","매출액":2484140469.0,"영업이익":-6168466800.0,"매출총이익":-5330142188.0,"판매비와관리비":838324612.0,"당기순이익":-7898432964.0,"계속사업 당기순이익":null,"중단사업 당기순이익":null,"이자비용 등":665657448.0,"법인세":0.0},{"year":2022,"quarter":3,"label":"2022.3Q","매출액":1441785547.0,"영업이익":-439096959.0,"매출총이익":408859266.0,"판매비와관리비":847956225.0,"당기순이익":-1028000394.0,"계속사업 당기순이익":null,"중단사업 당기순이익":null,"이자비용 등":671370750.0,"법인세":0.0},{"year":2022,"quarter":4,"label":"2022.4Q","매출액":1038410444.0,"영업이익":-2818995158.0,"매출총이익":-1014506807.0,"판매비와관리비":1804488351.0,"당기순이익":-5599114059.0,"계속사업 당기순이익":null,"중단사업 당기순이익":null,"이자비용 등":671107927.0,"법인세":0.0},{"year":2023,"quarter":1,"label":"2023.1Q","매출액":3506819426.0,"영업이익":14970217.0,"매출총이익":1032135349.0,"판매비와관리비":1017165132.0,"당기순이익":-1778960263.0,"계속사업 당기순이익":null,"중단사업 당기순이익":null,"이자비용 등":737588275.0,"법인세":55560519.0},{"year":2023,"quarter":2,"label":"2023.2Q","매출액":2968602146.0,"영업이익":-2949673064.0,"매출총이익":-1218102942.0,"판매비와관리비":1731570122.0,"당기순이익":-3257418635.0,"계속사업 당기순이익":null,"중단사업 당기순이익":null,"이자비용 등":652284365.0,"법인세":-40525613.0},{"year":2023,"quarter":4,"label":"2023.4Q","매출액":-406740073.0,"영업이익":-1597924516.0,"매출총이익":179753738.0,"판매비와관리비":1777678254.0,"당기순이익":-7296685432.0,"계속사업 당기순이익":null,"중단사업 당기순이익":null,"이자비용 등":575127833.0,"법인세":null}],"Stability":[{"year":2022,"quarter":1,"label":"2022.1Q","자산총계":61725215476.0,"부채총계":24365614826.0,"자본총계":37359600650.0},{"year":2022,"quarter":2,"label":"2022.2Q","자산총계":53149635742.0,"부채총계":23525112391.0,"자본총계":29624523351.0},{"year":2022,"quarter":3,"label":"2022.3Q","자산총계":53226482378.0,"부채총계":24208764629.0,"자본총계":29017717749.0},{"year":2022,"quarter":4,"label":"2022.4Q","자산총계":51984865875.0,"부채총계":23706360573.0,"자본총계":28278505302.0},{"year":2023,"quarter":1,"label":"2023.1Q","자산총계":66438553384.0,"부채총계":34277621505.0,"자본총계":32160931879.0},{"year":2023,"quarter":2,"label":"2023.2Q","자산총계":65053486691.0,"부채총계":36479387239.0,"자본총계":28574099452.0},{"year":2023,"quarter":4,"label":"2023.4Q","자산총계":39898381536.0,"부채총계":18541580276.0,"자본총계":21356801260.0}]}},"stock_data":[{"date":"2023-01-09","open":0,"high":0,"low":0,"close":1495,"volume":0,"marcap":0},{"date":"2023-01-10","open":0,"high":0,"low":0,"close":1495,"volume":0,"marcap":0},{"date":"2023-01-11","open":0,"high":0,"low":0,"close":1495,"volume":0,"marcap":0},{"date":"2023-01-12","open":0,"high":0,"low":0,"close":1495,"volume":0,"marcap":0},{"date":"2023-01-13","open":0,"high":0,"low":0,"close":1495,"volume":0,"marcap":0},{"date":"2023-01-16","open":0,"high":0,"low":0,"close":1495,"volume":0,"marcap":0},{"date":"2023-01-17","open":0,"high":0,"low":0,"close":1495,"volume":0,"marcap":0},{"date":"2023-01-18","open":0,"high":0,"low":0,"close":1495,"volume":0,"marcap":0},{"date":"2023-01-19","open":0,"high":0,"low":0,"close":1495,"volume":0,"marcap":0},{"date":"2023-01-20","open":0,"high":0,"low":0,"close":1495,"volume":0,"marcap":0},{"date":"2023-01-25","open":0,"high":0,"low":0,"close":1495,"volume":0,"marcap":0},{"date":"2023-01-26","open":0,"high":0,"low":0,"close":1495,"volume":0,"marcap":0},{"date":"2023-01-27","open":0,"high":0,"low":0,"close":1495,"volume":0,"marcap":0},{"date":"2023-01-30","open":0,"high":0,"low":0,"close":1495,"volume":0,"marcap":0},{"date":"2023-01-31","open":0,"high":0,"low":0,"close":1495,"volume":0,"marcap":0},{"date":"2023-02-01","open":0,"high":0,"low":0,"close":1495,"volume":0,"marcap":0},{"date":"2023-02-02","open":0,"high":0,"low":0,"close":1495,"volume":0,"marcap":0},{"date":"2023-02-03","open":0,"high":0,"low":0,"close":1495,"volume":0,"marcap":0},{"date":"2023-02-06","open":0,"high":0,"low":0,"close":1495,"volume":0,"marcap":0},{"date":"2023-02-07","open":0,"high":0,"low":0,"close":1495,"volume":0,"marcap":0},{"date":"2023-02-08","open":0,"high":0,"low":0,"close":1495,"volume":0,"marcap":0},{"date":"2023-02-09","open":0,"high":0,"low":0,"close":1495,"volume":0,"marcap":0},{"date":"2023-02-10","open":0,"high":0,"low":0,"close":1495,"volume":0,"marcap":0},{"date":"2023-02-13","open":0,"high":0,"low":0,"close":1495,"volume":0,"marcap":0},{"date":"2023-02-14","open":0,"high":0,"low":0,"close":1495,"volume":0,"marcap":0},{"date":"2023-02-15","open":0,"high":0,"low":0,"close":1495,"volume":0,"marcap":0},{"date":"2023-02-16","open":0,"high":0,"low":0,"close":1495,"volume":0,"marcap":0},{"date":"2023-02-17","open":0,"high":0,"low":0,"close":1495,"volume":0,"marcap":0},{"date":"2023-02-20","open":0,"high":0,"low":0,"close":1495,"volume":0,"marcap":0},{"date":"2023-02-21","open":0,"high":0,"low":0,"close":1495,"volume":0,"marcap":0},{"date":"2023-02-22","open":0,"high":0,"low":0,"close":1495,"volume":0,"marcap":0},{"date":"2023-02-23","open":0,"high":0,"low":0,"close":1495,"volume":0,"marcap":0},{"date":"2023-02-24","open":0,"high":0,"low":0,"close":1495,"volume":0,"marcap":0},{"date":"2023-02-27","open":0,"high":0,"low":0,"close":1495,"volume":0,"marcap":0},{"date":"2023-02-28","open":0,"high":0,"low":0,"close":1495,"volume":0,"marcap":0},{"date":"2023-03-02","open":0,"high":0,"low":0,"close":1495,"volume":0,"marcap":0},{"date":"2023-03-03","open":0,"high":0,"low":0,"close":1495,"volume":0,"marcap":0},{"date":"2023-03-06","open":0,"high":0,"low":0,"close":1495,"volume":0,"marcap":0},{"date":"2023-03-07","open":0,"high":0,"low":0,"close":1495,"volume":0,"marcap":0},{"date":"2023-03-08","open":0,"high":0,"low":0,"close":1495,"volume":0,"marcap":0},{"date":"2023-03-09","open":0,"high":0,"low":0,"close":1495,"volume":0,"marcap":0},{"date":"2023-03-10","open":0,"high":0,"low":0,"close":1495,"volume":0,"marcap":0},{"date":"2023-03-13","open":0,"high":0,"low":0,"close":1495,"volume":0,"marcap":0},{"date":"2023-03-14","open":0,"high":0,"low":0,"close":1495,"volume":0,"marcap":0},{"date":"2023-03-15","open":0,"high":0,"low":0,"close":1495,"volume":0,"marcap":0},{"date":"2023-03-16","open":0,"high":0,"low":0,"close":1495,"volume":0,"marcap":0},{"date":"2023-03-17","open":0,"high":0,"low":0,"close":1495,"volume":0,"marcap":0},{"date":"2023-03-20","open":0,"high":0,"low":0,"close":1495,"volume":0,"marcap":0},{"date":"2023-03-21","open":0,"high":0,"low":0,"close":1495,"volume":0,"marcap":0},{"date":"2023-03-22","open":0,"high":0,"low":0,"close":1495,"volume":0,"marcap":0},{"date":"2023-03-23","open":0,"high":0,"low":0,"close":1495,"volume":0,"marcap":0},{"date":"2023-03-24","open":0,"high":0,"low":0,"close":1495,"volume":0,"marcap":0},{"date":"2023-03-27","open":0,"high":0,"low":0,"close":1495,"volume":0,"marcap":0},{"date":"2023-03-28","open":0,"high":0,"low":0,"close":1495,"volume":0,"marcap":0},{"date":"2023-03-29","open":0,"high":0,"low":0,"close":1495,"volume":0,"marcap":0},{"date":"2023-03-30","open":0,"high":0,"low":0,"close":1495,"volume":0,"marcap":0},{"date":"2023-03-31","open":0,"high":0,"low":0,"close":1495,"volume":0,"marcap":0},{"date":"2023-04-03","open":0,"high":0,"low":0,"close":1495,"volume":0,"marcap":0},{"date":"2023-04-04","open":0,"high":0,"low":0,"close":1495,"volume":0,"marcap":0},{"date":"2023-04-05","open":0,"high":0,"low":0,"close":1495,"volume":0,"marcap":0},{"date":"2023-04-06","open":0,"high":0,"low":0,"close":1495,"volume":0,"marcap":0},{"date":"2023-04-07","open":0,"high":0,"low":0,"close":1495,"volume":0,"marcap":0},{"date":"2023-04-10","open":0,"high":0,"low":0,"close":1495,"volume":0,"marcap":0},{"date":"2023-04-11","open":0,"high":0,"low":0,"close":1495,"volume":0,"marcap":0},{"date":"2023-04-12","open":0,"high":0,"low":0,"close":1495,"volume":0,"marcap":0},{"date":"2023-04-13","open":0,"high":0,"low":0,"close":1495,"volume":0,"marcap":0},{"date":"2023-04-14","open":0,"high":0,"low":0,"close":1495,"volume":0,"marcap":0},{"date":"2023-04-17","open":0,"high":0,"low":0,"close":1495,"volume":0,"marcap":0},{"date":"2023-04-18","open":0,"high":0,"low":0,"close":1495,"volume":0,"marcap":0},{"date":"2023-04-19","open":0,"high":0,"low":0,"close":1495,"volume":0,"marcap":0},{"date":"2023-04-20","open":0,"high":0,"low":0,"close":1495,"volume":0,"marcap":0},{"date":"2023-04-21","open":0,"high":0,"low":0,"close":1495,"volume":0,"marcap":0},{"date":"2023-04-24","open":0,"high":0,"low":0,"close":1495,"volume":0,"marcap":0},{"date":"2023-04-25","open":0,"high":0,"low":0,"close":1495,"volume":0,"marcap":0},{"date":"2023-04-26","open":0,"high":0,"low":0,"close":1495,"volume":0,"marcap":0},{"date":"2023-04-27","open":0,"high":0,"low":0,"close":1495,"volume":0,"marcap":0},{"date":"2023-04-28","open":0,"high":0,"low":0,"close":1495,"volume":0,"marcap":0},{"date":"2023-05-02","open":0,"high":0,"low":0,"close":1495,"volume":0,"marcap":0},{"date":"2023-05-03","open":0,"high":0,"low":0,"close":1495,"volume":0,"marcap":0},{"date":"2023-05-04","open":0,"high":0,"low":0,"close":1495,"volume":0,"marcap":0},{"date":"2023-05-08","open":0,"high":0,"low":0,"close":1495,"volume":0,"marcap":0},{"date":"2023-05-09","open":0,"high":0,"low":0,"close":1495,"volume":0,"marcap":0},{"date":"2023-05-10","open":0,"high":0,"low":0,"close":1495,"volume":0,"marcap":0},{"date":"2023-05-11","open":0,"high":0,"low":0,"close":1495,"volume":0,"marcap":0},{"date":"2023-05-12","open":0,"high":0,"low":0,"close":1495,"volume":0,"marcap":0},{"date":"2023-05-15","open":0,"high":0,"low":0,"close":1495,"volume":0,"marcap":0},{"date":"2023-05-16","open":0,"high":0,"low":0,"close":1495,"volume":0,"marcap":0},{"date":"2023-05-17","open":0,"high":0,"low":0,"close":1495,"volume":0,"marcap":0},{"date":"2023-05-18","open":0,"high":0,"low":0,"close":1495,"volume":0,"marcap":0},{"date":"2023-05-19","open":0,"high":0,"low":0,"close":1495,"volume":0,"marcap":0},{"date":"2023-05-22","open":0,"high":0,"low":0,"close":1495,"volume":0,"marcap":0},{"date":"2023-05-23","open":0,"high":0,"low":0,"close":1495,"volume":0,"marcap":0},{"date":"2023-05-24","open":0,"high":0,"low":0,"close":1495,"volume":0,"marcap":0},{"date":"2023-05-25","open":0,"high":0,"low":0,"close":1495,"volume":0,"marcap":0},{"date":"2023-05-26","open":0,"high":0,"low":0,"close":1495,"volume":0,"marcap":0},{"date":"2023-05-30","open":0,"high":0,"low":0,"close":1495,"volume":0,"marcap":0},{"date":"2023-05-31","open":0,"high":0,"low":0,"close":1495,"volume":0,"marcap":0},{"date":"2023-06-01","open":0,"high":0,"low":0,"close":1495,"volume":0,"marcap":0},{"date":"2023-06-02","open":0,"high":0,"low":0,"close":1495,"volume":0,"marcap":0},{"date":"2023-06-05","open":0,"high":0,"low":0,"close":1495,"volume":0,"marcap":0},{"date":"2023-06-07","open":0,"high":0,"low":0,"close":1495,"volume":0,"marcap":0},{"date":"2023-06-08","open":0,"high":0,"low":0,"close":1495,"volume":0,"marcap":0},{"date":"2023-06-09","open":0,"high":0,"low":0,"close":1495,"volume":0,"marcap":0},{"date":"2023-06-12","open":0,"high":0,"low":0,"close":1495,"volume":0,"marcap":0},{"date":"2023-06-13","open":0,"high":0,"low":0,"close":1495,"volume":0,"marcap":0},{"date":"2023-06-14","open":0,"high":0,"low":0,"close":1495,"volume":0,"marcap":0},{"date":"2023-06-15","open":0,"high":0,"low":0,"close":1495,"volume":0,"marcap":0},{"date":"2023-06-16","open":0,"high":0,"low":0,"close":1495,"volume":0,"marcap":0},{"date":"2023-06-19","open":0,"high":0,"low":0,"close":1495,"volume":0,"marcap":0},{"date":"2023-06-20","open":0,"high":0,"low":0,"close":1495,"volume":0,"marcap":0},{"date":"2023-06-21","open":0,"high":0,"low":0,"close":1495,"volume":0,"marcap":0},{"date":"2023-06-22","open":0,"high":0,"low":0,"close":1495,"volume":0,"marcap":0},{"date":"2023-06-23","open":0,"high":0,"low":0,"close":1495,"volume":0,"marcap":0},{"date":"2023-06-26","open":0,"high":0,"low":0,"close":1495,"volume":0,"marcap":0},{"date":"2023-06-27","open":0,"high":0,"low":0,"close":1495,"volume":0,"marcap":0},{"date":"2023-06-28","open":0,"high":0,"low":0,"close":1495,"volume":0,"marcap":0},{"date":"2023-06-29","open":0,"high":0,"low":0,"close":1495,"volume":0,"marcap":0},{"date":"2023-06-30","open":0,"high":0,"low":0,"close":1495,"volume":0,"marcap":0},{"date":"2023-07-03","open":0,"high":0,"low":0,"close":1495,"volume":0,"marcap":0},{"date":"2023-07-04","open":0,"high":0,"low":0,"close":1495,"volume":0,"marcap":0},{"date":"2023-07-05","open":0,"high":0,"low":0,"close":1495,"volume":0,"marcap":0},{"date":"2023-07-06","open":240,"high":240,"low":162,"close":200,"volume":12208339,"marcap":0},{"date":"2023-07-07","open":200,"high":225,"low":170,"close":200,"volume":15768080,"marcap":0},{"date":"2023-07-10","open":250,"high":250,"low":200,"close":204,"volume":9261739,"marcap":0},{"date":"2023-07-11","open":200,"high":217,"low":196,"close":215,"volume":5859661,"marcap":0},{"date":"2023-07-12","open":214,"high":287,"low":214,"close":260,"volume":8178048,"marcap":0},{"date":"2023-07-13","open":260,"high":320,"low":230,"close":270,"volume":6727791,"marcap":0},{"date":"2023-07-14","open":221,"high":230,"low":133,"close":151,"volume":5403828,"marcap":0}]}